@article{li2022singleended,
  author  = {Li, Q. and Duan, S. and Fu, H.},
  title   = {Analysis and Design of Single-Ended Resonant Converter for Wireless Power Transfer Systems},
  journal = {Sensors},
  volume  = {22},
  number  = {15},
  pages   = {5617},
  year    = {2022},
  month   = jul
}

@inproceedings{irivennela2020wireless,
  author       = {Irivennela, K. and Sujith, M.},
  title        = {Wireless Power Transfer Using Resonant Converters for Defence Application},
  booktitle    = {Proceedings of the International Conference on Inventive Systems and Control (ICISC)},
  pages        = {353--358},
  year         = {2020},
  organization = {IEEE}
}
@article{choi2020resonant,
  author  = {Choi, J.-H. and Yeo, S.-K. and Park, S. and Lee, J.-S. and Cho, G.-H.},
  title   = {Resonant Regulating Rectifiers (3R)},
  journal = {IEEE Journal of Solid-State Circuits},
  volume  = {48},
  number  = {12},
  pages   = {2989--3001},
  year    = {2020},
  month   = dec
}

@article{bertolini2021frequency,
  author  = {Bertolini, V. and Faba, A. and Dionigi, M. and Cardelli, E.},
  title   = {Frequency Domain Model of a Resonant LCC-S Converter for High-Frequency Wireless Power Transfer Applications Considering Switching Losses in MOSFETs Bridge},
  journal = {Energies},
  volume  = {14},
  number  = {21},
  pages   = {7065},
  year    = {2021}
}


@book{erickson2020resonant,
  author    = {Erickson, R. W. and MaksimoviÄ‡, D.},
  title     = {Fundamentals of Power Electronics},
  edition   = {3},
  publisher = {University of Colorado Boulder},
  year      = {2020},
  chapter   = {19}
}

@article{lin2021analysis,
  author  = {Lin, Bor-Ren},
  title   = {Analysis of a Series-Parallel Resonant Converter for DC Microgrid Applications},
  journal = {Processes},
  volume  = {9},
  number  = {3},
  pages   = {542},
  year    = {2021},
  doi     = {10.3390/pr9030542}
}

@article{zhou2025lowpower,
  author  = {Zhou, Yilin and Fan, Ruinan and Liu, Changjun},
  title   = {Low-Power Rectennas in Microwave Wireless Power Transmission},
  journal = {Microwave},
  volume  = {1},
  number  = {1},
  pages   = {5},
  year    = {2025},
  doi     = {10.3390/microwave1010005}
}
